@misc{abc,
    title = {Berkeley Logic Synthesis and Verification Group. {ABC}: A
    System for Sequential Synthesis and Verification `http://www.eecs.berkeley.edu/~alanmi/abc/`}
}

@misc{cryptol,
  title = {Galois, Inc. Cryptol. \url{http://corp.galois.com/cryptol}}
}

@misc{erkok10cryptol,
  author = {Levent Erk\"{o}k},
  title = {Programming in Cryptol},
  month = oct,
  year = {2010},
  organization = {Galois, Inc.}
}

@misc{erkok08eqcheck,
  author = {Levent Erk\"{o}k},
  title = {Equivalence and Safety Checking in Cryptol},
  month = aug,
  year = {2008},
  organization = {Galois, Inc.}
}
